@MISC{LaValle99randomizedkinodynamic,
    author = {Steven M. LaValle and James J. Kuffner and Jr.},
    title = {Randomized Kinodynamic Planning},
    year = {1999}
}

@inproceedings{kuffner2000rrt,
  title={RRT-connect: An efficient approach to single-query path planning},
  author={Kuffner Jr, J.J. and LaValle, S.M.},
  booktitle={Robotics and Automation, 2000. Proceedings. ICRA'00. IEEE International Conference on},
  volume={2},
  pages={995--1001},
  year={2000},
  organization={IEEE}
}

@article{lavalle1998rapidly,
  title={Rapidly-Exploring Random Trees A Цew Tool for Path Planning},
  author={LaValle, S.M.},
  year={1998}
}

@article{lavalle2001randomized,
  title={Randomized kinodynamic planning},
  author={LaValle, S.M. and Kuffner, J.J.},
  journal={The International Journal of Robotics Research},
  volume={20},
  number={5},
  pages={378--400},
  year={2001},
  publisher={SAGE Publications}
}

@article{robocup,
  title={RoboCup SSL Team Description, IRL RC},
  author={B. Sujith Kumar and Pratik Agarwal and P. Abhimanyu and Prem Bhargav and Dr. K. Madhava Krishna5},
  year={2010}
}

@inproceedings{FergusonKS06,
  author    = {Dave Ferguson and
               Nidhi Kalra and
               Anthony Stentz},
  title     = {Replanning with RRTs},
  booktitle = {ICRA},
  year      = {2006},
  pages     = {1243-1248},
}

@ARTICLE{Allen91automatedtracking,
    author = {Peter K. Allen and Aleksandar Timcenko and Billibon Yoshimi and Paul Michelman},
    title = {Automated Tracking and Grasping of a Moving Object with a Robotic Hand-Eye System},
    journal = {IEEE Transactions on Robotics and Automation},
    year = {1991},
    volume = {9},
    pages = {152--165}
}

@article{koberplaying,
  title={Playing Catch and Juggling with a Humanoid Robot},
  author={Kober, J. and Glisson, M. and Mistry, M.}
}

@inproceedings{lampariello2011trajectory,
  title={Trajectory planning for optimal robot catching in real-time},
  author={Lampariello, R. and Nguyen-Tuong, D. and Castellini, C. and Hirzinger, G. and Peters, J.},
  booktitle={Robotics and Automation (ICRA), 2011 IEEE International Conference on},
  pages={3719--3726},
  year={2011},
  organization={IEEE}
}

@INPROCEEDINGS{5985660,
  author={Tao Ju and Shuang Liu and Jie Yang and Dong Sun},
  booktitle={Mechatronics and Automation (ICMA), 2011 International Conference on}, title={Apply RRT-based path planning to robotic manipulation of biological cells with optical tweezer},
  year={2011},
  month={aug.},
  volume={},
  number={},
  pages={221 -226},
  keywords={RRT-based path planning;biological cell manipulation;biomedical engineering;cell fusion;cell sorting;cell transportation;cellular engineering application;drug industry;optical tweezer;rapidly-exploring random trees;robotic manipulation;yeast cells;biomedical engineering;industrial manipulators;materials handling;path planning;pharmaceutical industry;trees (mathematics);},
  doi={10.1109/ICMA.2011.5985660},
  ISSN={2152-7431},
}

@ARTICLE{5569021,
author={Okamura, A.M. and Matarić and, M.J. and Christensen, H.I.},
journal={Robotics Automation Magazine, IEEE}, title={Medical and Health-Care Robotics},
year={2010},
month={sept. },
volume={17},
number={3},
pages={26 -37},
keywords={health care robot;medical robot;societal driver;telerobotic system;health care;medical robotics;socio-economic effects;telerobotics;},
doi={10.1109/MRA.2010.937861},
ISSN={1070-9932},}
